@article{singh2011,
    title = {A {{Hidden Markov Model}} of {{Developer Learning Dynamics}} in {{
             Open Source Software Projects}}},
    author = {Singh, Param Vir and Tan, Yong and Youn, Nara},
    date = {2011-12},
    journaltitle = {Information Systems Research},
    shortjournal = {Inform Syst Res},
    volume = {22},
    number = {4},
    pages = {790--807},
}
